<?xml version="1.0" encoding="UTF-8"?><record xmlns="http://www.loc.gov/MARC21/slim" xmlns:cinclude="http://apache.org/cocoon/include/1.0" xmlns:zs="http://www.loc.gov/zing/srw/">
  <leader>00802cz  a2200241n  4500</leader>
  <controlfield tag="001">n  83067573 </controlfield>
  <controlfield tag="003">DLC</controlfield>
  <controlfield tag="005">20100516075627.0</controlfield>
  <controlfield tag="008">830524n| acannaabn          |a ana      </controlfield>
  <datafield tag="010" ind1=" " ind2=" ">
    <subfield code="a">n  83067573 </subfield>
  </datafield>
  <datafield tag="034" ind1=" " ind2=" ">
    <subfield code="d">E0242400</subfield>
    <subfield code="e">E0242400</subfield>
    <subfield code="f">N0414500</subfield>
    <subfield code="g">N0414500</subfield>
    <subfield code="2">other</subfield>
  </datafield>
  <datafield tag="035" ind1=" " ind2=" ">
    <subfield code="a">(OCoLC)oca00950501</subfield>
  </datafield>
  <datafield tag="040" ind1=" " ind2=" ">
    <subfield code="a">DLC</subfield>
    <subfield code="b">eng</subfield>
    <subfield code="c">DLC</subfield>
    <subfield code="d">OCoLC</subfield>
  </datafield>
  <datafield tag="043" ind1=" " ind2=" ">
    <subfield code="a">e-bu---</subfield>
  </datafield>
  <datafield tag="151" ind1=" " ind2=" ">
    <subfield code="a">Devin (Bulgaria)</subfield>
  </datafield>
  <datafield tag="451" ind1=" " ind2=" ">
    <subfield code="a">Deveen (Bulgaria)</subfield>
  </datafield>
  <datafield tag="451" ind1=" " ind2=" ">
    <subfield code="a">Devine (Bulgaria)</subfield>
  </datafield>
  <datafield tag="451" ind1=" " ind2=" ">
    <subfield code="a">Děwin (Bulgaria)</subfield>
  </datafield>
  <datafield tag="451" ind1=" " ind2=" ">
    <subfield code="a">Djovlen (Bulgaria)</subfield>
  </datafield>
  <datafield tag="451" ind1=" " ind2=" ">
    <subfield code="a">Dyevin (Bulgaria)</subfield>
  </datafield>
  <datafield tag="670" ind1=" " ind2=" ">
    <subfield code="a">Nikiforov, N. Devin, 1982 (subj.)</subfield>
    <subfield code="b">t.p. (Devin)</subfield>
  </datafield>
  <datafield tag="670" ind1=" " ind2=" ">
    <subfield code="a">BGN 3/1/83:</subfield>
    <subfield code="b">(Devin; ppl. 41°45ʹN, 24°24ʹE; variants: Deveen; Devine; Děwin; Djovlen; Dyevin; Děvin; earlier name [no pubs. in LC] Dʹovlen)</subfield>
  </datafield>
  <datafield tag="781" ind1=" " ind2="0">
    <subfield code="z">Bulgaria</subfield>
    <subfield code="z">Devin</subfield>
  </datafield>
</record>